<?xml version="1.0" encoding="UTF-8"?><collection xmlns="http://www.loc.gov/MARC21/slim"><record><leader>00491nam--2200145-i-4500</leader><controlfield tag="001">000034570</controlfield><controlfield tag="002">20161230</controlfield><controlfield tag="005">20161230201040</controlfield><controlfield tag="008">060222s1000------------r-----000-0-eng-d</controlfield><datafield ind1=" " ind2=" " tag="080"><subfield code="a">621.382.2/3:531.7</subfield></datafield><datafield ind1=" " ind2=" " tag="100"><subfield code="a">Nicolau, Teodor Adrian</subfield></datafield><datafield ind1=" " ind2=" " tag="245"><subfield code="a">Noi aparate cu semiconductoare in tehnica masurarii si reglarii automate a proceselor</subfield></datafield><datafield ind1=" " ind2=" " tag="260"><subfield code="a">Bucuresti, Institutul National De Informare Si Documentare Stiintifica Si Tehnica, 1973. 94p</subfield></datafield><datafield ind1=" " ind2=" " tag="490"><subfield code="a">Sinteza Documentara</subfield></datafield><datafield ind1=" " ind2=" " tag="852"><subfield code="a">39900</subfield></datafield></record></collection>